<collection xmlns="http://www.loc.gov/MARC21/slim">
<record>
  <leader>00592ncm0a22001811i 450 </leader>
  <controlfield tag="001">IT\ICCU\CNCE\043630</controlfield>
  <controlfield tag="005">20060302000000.0</controlfield>
  <datafield tag="100" ind1=" " ind2=" ">
    <subfield code="a">19990105d1507        0itac0103    ba</subfield>
  </datafield>
  <datafield tag="101" ind1=" " ind2=" ">
    <subfield code="a">ITA</subfield>
  </datafield>
  <datafield tag="102" ind1=" " ind2=" ">
    <subfield code="a">IT</subfield>
  </datafield>
  <datafield tag="200" ind1="1" ind2=" ">
    <subfield code="a">Frottole libro octavo</subfield>
  </datafield>
  <datafield tag="210" ind1=" " ind2=" ">
    <subfield code="a">Venezia</subfield>
    <subfield code="c">Ottaviano Petrucci</subfield>
    <subfield code="d">1507</subfield>
  </datafield>
  <datafield tag="300" ind1=" " ind2=" ">
    <subfield code="a">RISM: Recueils I, 1507/4</subfield>
  </datafield>
  <datafield tag="620" ind1=" " ind2=" ">
    <subfield code="a">IT</subfield>
    <subfield code="d">Venezia</subfield>
  </datafield>
  <datafield tag="712" ind1="0" ind2="0">
    <subfield code="a">Petrucci, Ottaviano</subfield>
    <subfield code="3">IT\ICCU\CNCT\001377</subfield>
    <subfield code="4">650</subfield>
  </datafield>
  <datafield tag="791" ind1="0" ind2="0">
    <subfield code="a">Petrutius, Octavianus</subfield>
    <subfield code="3">IT\ICCU\CNCT\002504</subfield>
    <subfield code="z">Petrucci, Ottaviano</subfield>
  </datafield>
  <datafield tag="791" ind1="0" ind2="0">
    <subfield code="a">Petruccio, Ottaviano</subfield>
    <subfield code="3">IT\ICCU\CNCT\005377</subfield>
    <subfield code="z">Petrucci, Ottaviano</subfield>
  </datafield>
  <datafield tag="801" ind1=" " ind2="3">
    <subfield code="a">IT</subfield>
    <subfield code="b">ICCU</subfield>
    <subfield code="c">20201114</subfield>
  </datafield>
</record>
</collection>
